% -*- coding: utf-8; -*-

%---------------------------
%---------------------------
%---------------------------
%---------------------------

@InBook{HandBookPT,
    key             = {1},
    title           = {Handbook of proof theory},
    author          = {Buss, Samuel R},
    chapter         = {1. An Introduction to Proof Theory},
    volume          = {137},
    year            = {1998},
    publisher       = {Elsevier}
}

@article{marfori2010,
    key             = {2},
    title           = {Informal proofs and mathematical rigour},
    author          = {Marfori, Marianna Antonutti},
    journal         = {Studia Logica},
    volume          = {96},
    number          = {2},
    pages           = {261--272},
    year            = {2010},
    publisher       = {Springer}
}

@book{Frege2018,
    key             = {3},
    title           = {Conceitografia: Uma linguagem formular do pensamento puro decalcada sobre a da aritmética},
    author          = {Frege, Gottlob},
    translator      = {Gottlob and Alcoforado, Paulo and Wyllie, Guilherme and Duarte, Alessandro},
    publisher       = {PPGFIL-UFRRJ},
    year            = {2018},
    edition         = {1}
}

@InCollection{SEP-ProofTheory,
    key             = {4},
	author          = {von Plato, Jan},
	title           = {The Development of Proof Theory},
	booktitle       = {The Stanford Encyclopedia of Philosophy},
	editor          = {Edward N. Zalta},
    note            = {URL = \url{https://plato.stanford.edu/archives/win2018/entries/proof-theory-development/}},
	year            = {2018},
	edition         = {Winter 2018},
	publisher       = {Metaphysics Research Lab, Stanford University}
}

@InCollection{SEP-Logicism,
    key             = {5},
	author          = {Tennant, Neil},
	title           = {Logicism and Neologicism},
	booktitle       = {The Stanford Encyclopedia of Philosophy},
	editor          = {Edward N. Zalta},
	note            = {\url{https://plato.stanford.edu/archives/win2017/entries/logicism/}},
	year            = {2017},
	edition         = {Winter 2017},
	publisher       = {Metaphysics Research Lab, Stanford University}
}

@article{HECK1996,
    key             = {6},
    author          = {Heck Jnr, Richard G.},
    title           = {The Consistency of predicative fragments of frege’s grundgesetze der arithmetik},
    journal         = {History and Philosophy of Logic},
    volume          = {17},
    number          = {1-2},
    pages           = {209-220},
    year            = {1996},
    publisher       = {Taylor & Francis}
}