% -*- coding: utf-8; -*-

%---------------------------
%---------------------------
%---------------------------
%---------------------------

@inbook{1,
    key         = {1}
    title       = {Handbook of proof theory},
    author      = {Buss, Samuel R},
    chapter     = {1. An Introduction to Proof Theory}
    volume      = {137},
    year        = {1998},
    publisher   = {Elsevier}
}